 @misc{1, title={EUROPOS PARLAMENTO IR TARYBOS REGLAMENTAS}, url={https://eur-lex.europa.eu/legal-content/LT/TXT/?uri=celex\%3A32016R0679}, journal={Lex Access to European Union law}, year={2016}, month={Apr}} 
 @misc{2, title={Perfectly Privacy-Preserving AI}, url={https://towardsdatascience.com/perfectly-privacy-preserving-ai-c14698f322f5}, journal={Medium}, publisher={Towards Data Science}, author={Thaine, Patricia}, year={2020}, month={Jan}} 
 @misc{3, title={The New Dawn of AI: Federated Learning}, url={https://towardsdatascience.com/the-new-dawn-of-ai-federated-learning-8ccd9ed7fc3a}, journal={Medium}, publisher={Towards Data Science}, author={Bhattacharya, Dr. Santanu}, year={2019}, month={Jan}} 
    @misc{4,
    author = {Li, Tian and Sahu, Anit and Talwalkar, Ameet and Smith, Virginia},
    year = {2019},
    month = {08},
    pages = {},
    title = {Federated Learning: Challenges, Methods, and Future Directions}
    }
@misc{5,
      title={Privacy-Preserving Blockchain-Based Federated Learning for IoT Devices}, 
      author={Yang Zhao and Jun Zhao and Linshan Jiang and Rui Tan and Dusit Niyato and Zengxiang Li and Lingjuan Lyu and Yingbo Liu},
      year={2020},
      eprint={1906.10893},
      archivePrefix={arXiv},
      primaryClass={cs.CR}
}
@misc{6, url={https://www.inpher.io/technology/what-is-secure-multiparty-computation}} 
@misc{7,
author = {Sen, Jaydip},
year = {2013},
month = {07},
pages = {1 - 31},
title = {Homomorphic Encryption: Theory \& Applications},
isbn = {978-953-51-1176-4},
doi = {10.5772/56687}
}
 @misc{8, title={Homomorphic Encryption for Arithmetic of Approximate Numbers}, url={https://eprint.iacr.org/2016/421.pdf}, author={Cheon, Jung Hee and Kim, Andrey and Kim, Miran and Song, Yongsoo}, year={2016}} 

@misc{9,
author = {Li, Tian and Sahu, Anit and Talwalkar, Ameet and Smith, Virginia},
year = {2019},
month = {08},
pages = {},
title = {Federated Learning: Challenges, Methods, and Future Directions}
}
@article{10,
    author = {Ho Bae and
        Jaehee Jang and
        Dahuin Jung and
        Hyemi Jang and
        Heonseok Ha and
        Sungroh Yoon},
    title = {Security and Privacy Issues in Deep Learning},
    journal = {CoRR},
    volume = {abs/1807.11655},
    year = {2018},
    url = {http://arxiv.org/abs/1807.11655},
    archivePrefix = {arXiv},
    eprint = {1807.11655},
    timestamp = {Mon, 13 Aug 2018 16:48:19 +0200},
    biburl = {https://dblp.org/rec/journals/corr/abs-1807-11655.bib},
    bibsource = {dblp computer science bibliography, https://dblp.org}
}
@misc{11,
    title={The Secret Sharer: Evaluating and Testing Unintended Memorization in Neural Networks}, 
    author={Nicholas Carlini and Chang Liu and Ulfar Erlingsson and Jernej Kos and Dawn Song},
    year={2019},
    eprint={1802.08232},
    archivePrefix={arXiv}
}
@misc{12,
      title={Extracting Training Data from Large Language Models}, 
      author={Nicholas Carlini and Florian Tramer and Eric Wallace and Matthew Jagielski and Ariel Herbert-Voss and Katherine Lee and Adam Roberts and Tom Brown and Dawn Song and Ulfar Erlingsson and Alina Oprea and Colin Raffel},
      year={2020},
      eprint={2012.07805},
      archivePrefix={arXiv},
      primaryClass={cs.CR}
}
@misc{13,
      title={Towards Federated Learning at Scale: System Design}, 
      author={Keith Bonawitz and Hubert Eichner and Wolfgang Grieskamp and Dzmitry Huba and Alex Ingerman and Vladimir Ivanov and Chloe Kiddon and Jakub Konečný and Stefano Mazzocchi and H. Brendan McMahan and Timon Van Overveldt and David Petrou and Daniel Ramage and Jason Roselander},
      year={2019},
      eprint={1902.01046},
      archivePrefix={arXiv},
      primaryClass={cs.LG}
}
@misc{14,
    algebraic system_2013, title={algebraic system}, url={https://planetmath.org/algebraicsystem},
    journal={Algebraic system},
    year={2013},
    month={Mar}
} 
@article{15, 
    title={Noise-tolerant learning, the parity problem, and the statistical query model}, volume={50}, 
    DOI={10.1145/792538.792543}, 
    number={4}, 
    journal={Journal of the ACM}, 
    author={Blum, Avrim and Kalai, Adam and Wasserman, Hal}, 
    year={2003}, 
    pages={506–519}
} 

@article{16,
author = {Regev, Oded},
year = {2010},
month = {01},
pages = {},
title = {The Learning with Errors Problem}
}